<collection xmlns="http://www.loc.gov/MARC21/slim">
<record>
  <leader>01638nam0a2200253 i 450 </leader>
  <controlfield tag="001">IT\ICCU\CNCE\003384</controlfield>
  <controlfield tag="005">20161004000000.0</controlfield>
  <datafield tag="012" ind1=" " ind2=" ">
    <subfield code="a">o.e. s.e. eeae a-sa (C) 1568 (R)</subfield>
    <subfield code="2">fei</subfield>
  </datafield>
  <datafield tag="100" ind1=" " ind2=" ">
    <subfield code="a">19970101d1568        0itac0103    ba</subfield>
  </datafield>
  <datafield tag="101" ind1=" " ind2=" ">
    <subfield code="a">ITA</subfield>
  </datafield>
  <datafield tag="102" ind1=" " ind2=" ">
    <subfield code="a">IT</subfield>
  </datafield>
  <datafield tag="200" ind1="1" ind2=" ">
    <subfield code="a">Opera del reuerendo padre don Augustino da Sciena monaco certosino; nella quale si insegna a scriuere varie sorti de lettere, tanto cancellaresche, quanto mercantesche, con varie sorti de lettere todesche, et con diuerse sorti de alphabetti bellissimi, &amp;con alcune dechiarationi del temperar della penna, &amp; vna recetta per far l&apos;inchiostro negrissimo con tanta facilit,̉ che ciascheduno per semplice che sia, lo far.̉ Opera nuoua non piu data in luce</subfield>
  </datafield>
  <datafield tag="210" ind1=" " ind2=" ">
    <subfield code="a">In Venetia</subfield>
    <subfield code="c"></subfield>
    <subfield code="d">e compagni in Frezzaria</subfield>
    <subfield code="d">al segno della Fede</subfield>
    <subfield code="d">1568</subfield>
  </datafield>
  <datafield tag="215" ind1=" " ind2=" ">
    <subfield code="a">\40! c.</subfield>
    <subfield code="c">ill.</subfield>
    <subfield code="d">4ʻ</subfield>
  </datafield>
  <datafield tag="620" ind1=" " ind2=" ">
    <subfield code="a">IT</subfield>
    <subfield code="d">Venezia</subfield>
  </datafield>
  <datafield tag="700" ind1=" " ind2="0">
    <subfield code="a">Augustino</subfield>
    <subfield code="c"> : da#Siena</subfield>
    <subfield code="3">IT\ICCU\CNCA\000957</subfield>
  </datafield>
  <datafield tag="712" ind1="0" ind2="2">
    <subfield code="a"></subfield>
    <subfield code="c"> &lt;2.&gt;</subfield>
    <subfield code="3">IT\ICCU\CNCT\000433</subfield>
    <subfield code="4">650</subfield>
  </datafield>
  <datafield tag="791" ind1="0" ind2="2">
    <subfield code="a">℗al segno della ℗Fede</subfield>
    <subfield code="c"> &lt;1565-1573&gt;</subfield>
    <subfield code="3">IT\ICCU\CNCT\001251</subfield>
    <subfield code="z">Francesco da Sal ̣&lt;2.&gt;</subfield>
  </datafield>
  <datafield tag="791" ind1="0" ind2="0">
    <subfield code="a">Sal,̣ Francesco</subfield>
    <subfield code="c"> &lt;2.&gt; da</subfield>
    <subfield code="3">IT\ICCU\CNCT\003814</subfield>
    <subfield code="z">Francesco da Sal ̣&lt;2.&gt;</subfield>
  </datafield>
  <datafield tag="801" ind1=" " ind2="3">
    <subfield code="a">IT</subfield>
    <subfield code="b">ICCU</subfield>
    <subfield code="c">20201113</subfield>
  </datafield>
  <datafield tag="899" ind1=" " ind2=" ">
    <subfield code="a">Biblioteca nazionale centrale. Firenze</subfield>
    <subfield code="1">FI0098</subfield>
    <subfield code="2">CFI CF</subfield>
  </datafield>
  <datafield tag="899" ind1=" " ind2=" ">
    <subfield code="a">Biblioteca universitaria. Genova</subfield>
    <subfield code="1">GE0038</subfield>
    <subfield code="2">LIG 01</subfield>
  </datafield>
  <datafield tag="899" ind1=" " ind2=" ">
    <subfield code="a">Biblioteca nazionale Marciana. Venezia</subfield>
    <subfield code="1">VE0049</subfield>
    <subfield code="2">VEA BM</subfield>
  </datafield>
  <datafield tag="921" ind1=" " ind2=" ">
    <subfield code="a">IT\ICCU\CNCM\001519</subfield>
    <subfield code="b">Fede (donna seduta tiene nella mano sinistra un calice e con la destra regge una croce)</subfield>
    <subfield code="c">Z533</subfield>
    <subfield code="d">Dimensioni: 5,3 x 7,3</subfield>
    <subfield code="f">FEDE</subfield>
    <subfield code="f">CALICE</subfield>
    <subfield code="f">CROCE</subfield>
    <subfield code="f">DONNA</subfield>
    <subfield code="g">[non prima del 1542]-1570</subfield>
  </datafield>
</record>
</collection>
